@inproceedings{odd2013,
  title={Systematic construction of anomaly detection benchmarks from real data},
  author={Emmott, Andrew F and Das, Shubhomoy and Dietterich, Thomas and Fern, Alan and Wong, Weng-Keen},
  booktitle={Proceedings of the ACM SIGKDD workshop on outlier detection and description},
  pages={16--21},
  year={2013},
  organization={ACM}
}

@article{bencon2015,
  author    = {Andrew Emmott and
               Shubhomoy Das and
               Thomas G. Dietterich and
               Alan Fern and
               Weng{-}Keen Wong},
  title     = {Systematic Construction of Anomaly Detection Benchmarks from Real
               Data},
  journal   = {CoRR},
  volume    = {abs/1503.01158},
  year      = {2015},
  url       = {http://arxiv.org/abs/1503.01158},
  timestamp = {Thu, 09 Apr 2015 11:33:20 +0200},
  biburl    = {http://dblp.uni-trier.de/rec/bib/journals/corr/EmmottDDFW15},
  bibsource = {dblp computer science bibliography, http://dblp.org}
}

@article{exactAP,
  title={Exact expected average precision of the random baseline for system evaluation},
  author={Bestgen, Yves},
  journal={The Prague Bulletin of Mathematical Linguistics},
  volume={103},
  number={1},
  pages={131--138},
  year={2015}
}

@article{Liu:12,
 author = {Liu, Fei Tony and Ting, Kai Ming and Zhou, Zhi-Hua},
 title = {Isolation-Based Anomaly Detection},
 journal = {ACM Trans. Knowl. Discov. Data},
 issue_date = {March 2012},
 volume = {6},
 number = {1},
 month = mar,
 year = {2012},
 issn = {1556-4681},
 pages = {3:1--3:39},
 articleno = {3},
 numpages = {39},
 url = {http://doi.acm.org/10.1145/2133360.2133363},
 doi = {10.1145/2133360.2133363},
 acmid = {2133363},
 publisher = {ACM},
 address = {New York, NY, USA},
 keywords = {Anomaly detection, binary tree, ensemble methods, isolation, isolation forest, outlier detection, random tree ensemble},
}

@inproceedings{yu2009,
  title={Filtering and Refinement: A Two-Stage Approach for Efficient and Effective Anomaly Detection},
  author={Yu, Xiao and Tang, Lu An and Han, Jiawei},
  booktitle={Ninth IEEE International Conference on Data Mining},
  pages={617--626},
  year={2009},
  organization={IEEE}
}

@incollection{huang2013,
  title={An Online Anomalous Time Series Detection Algorithm for Univariate Data Streams},
  author={Huang, Huaming and Mehrotra, Kishan and Mohan, Chilukuri K},
  booktitle={Recent Trends in Applied Artificial Intelligence},
  pages={151--160},
  year={2013},
  publisher={Springer}
}

@incollection{mei2013,
  title={An Improved Methodology for Anomaly Detection Based on Time Series Modeling},
  author={Mei, Qipei and Gul, Mustafa},
  booktitle={Topics in Dynamics of Civil Structures, Volume 4},
  pages={277--281},
  year={2013},
  publisher={Springer}
}

@article{otey2006,
  title={Fast Distributed Outlier Detection in Mixed-Attribute Data Sets},
  author={Otey, Matthew Eric and Ghoting, Amol and Parthasarathy, Srinivasan},
  journal={Data Mining and Knowledge Discovery},
  volume={12},
  number={2-3},
  pages={203--228},
  year={2006},
  publisher={Springer}
}

@inproceedings{knorr1999,
  title={Finding Intensional Knowledge of Distance-Based Outliers},
  author={Knorr, Edwin M and Ng, Raymond T},
  booktitle={VLDB},
  volume={99},
  pages={211--222},
  year={1999}
}

@article{cortez2009,
  title={Modeling Wine Preferences by Data Mining from Physicochemical Properties},
  author={Cortez, Paulo and Cerdeira, Ant{\'o}nio and Almeida, Fernando and Matos, Telmo and Reis, Jos{\'e}},
  journal={Decision Support Systems},
  volume={47},
  number={4},
  pages={547--553},
  year={2009},
  publisher={Elsevier}
}

@inproceedings{das2008,
  title={Anomaly Pattern Detection in Categorical Datasets},
  author={Das, Kaustav and Schneider, Jeff and Neill, Daniel B},
  booktitle={Proceedings of the 14th ACM SIGKDD International Conference on Knowledge Discovery and Data Mining},
  pages={169--176},
  year={2008},
  organization={ACM}
}

@article{loda,
  title={Loda: Lightweight on-line detector of anomalies},
  author={Pevn{\`y}, Tom{\'a}{\v{s}}},
  journal={Machine Learning},
  volume={102},
  number={2},
  pages={275--304},
  year={2016},
  publisher={Springer}
}

@article{Zimek2012,
author = {Zimek, Arthur and Schubert, Erich and Kriegel, Hans-Peter},
journal = {Statistical Analysis and Data Mining},
number = {5},
pages = {363--387},
title = {A Survey on Unsupervised Outlier Detection in High-Dimensional Numerical Data},
volume = {5},
year = {2012}
}

@inproceedings{abod,
  title={Angle-based outlier detection in high-dimensional data},
  author={Kriegel, Hans-Peter and Zimek, Arthur and others},
  booktitle={Proceedings of the 14th ACM SIGKDD international conference on Knowledge discovery and data mining},
  pages={444--452},
  year={2008},
  organization={ACM}
}

@article{senator2013a,
  title={Detecting Insider Threats in a Real Corporate Database of Computer Usage Activity},
  author={Senator, Ted E and Henry, G and Goldberg, Alex Memory and Young, William T and Rees, Brad and Pierce, Robert and Huang, Daniel and Reardon, Matthew and Lee, Jay-Yoon and Koutra, Danai and others},
  year={2013}
}

@inproceedings{senator2013b,
  title={Distinguishing the Unexplainable From the Merely Unusual: Adding Explanations to Outliers to Discover and Detect Significant Complex Rare Events},
  author={Ted, E and Goldberg, Henry G and Memory, Alex},
  booktitle={Proceedings of the ACM SIGKDD Workshop on Outlier Detection and Description},
  pages={40--45},
  year={2013},
  organization={ACM}
}


@article{Hodge2004,
author = {Hodge, Victoria J and Austin, J I M},
journal = {AI Review},
keywords = {anomaly,detection,deviation,noise,novelty,outlier,recognition},
pages = {85--126},
title = {A Survey of Outlier Detection Methodologies},
volume = {22},
year = {2004}
}


@article{ms-ndarsa-2003,
  author    = {Markos Markou and
               Sameer Singh},
  title     = {Novelty detection: a review - part 1: statistical approaches},
  journal   = {Signal Processing},
  volume    = {83},
  number    = {12},
  year      = {2003},
  pages     = {2481--2497},
  ee        = {http://dx.doi.org/10.1016/j.sigpro.2003.07.018},
  bibsource = {DBLP, http://dblp.uni-trier.de}
}

@article{Dereszynski2011,
author = {Dereszynski, Ethan and Dietterich, Thomas G},
journal = {ACM Transactions on Sensor Networks},
number = {1},
pages = {3:1--3:26},
title = {Spatiotemporal Models for Anomaly Detection in Dynamic Environmental Monitoring Campaigns},
volume = {8},
year = {2011}
}


@inproceedings{wltdg-gsdeud-2013,
author = {Wagstaff, K. L. and Lanza, N. L. and Thompson, D. R. and Dietterich,
  T. G. and Gilmore, M. S.},
year = 2013,
title = {Guiding Scientific Discovery with
  Explanations using {DEMUD}},
booktitle =  {Proceedings of the Association for the Advancement of Artificial Intelligence AAAI
    2013 Conference}}

@inproceedings{lane1997sequence,
  title={Sequence Matching and Learning in Anomaly Detection for Computer Security},
  author={Lane, Terran and Brodley, Carla E},
  booktitle={AAAI Workshop: AI Approaches to Fraud Detection and Risk Management},
  pages={43--49},
  year={1997}
}

@inproceedings{portnoy2001intrusion,
  title={Intrusion Detection with Unlabeled Data Using Clustering},
  author={Portnoy, Leonid and Eskin, Eleazar and Stolfo, Sal},
  booktitle={In Proceedings of ACM CSS Workshop on Data Mining Applied to Security (DMSA-2001},
  year={2001},
  organization={Citeseer}
}

@INPROCEEDINGS{Lazarevic:2007, 
author={Pokrajac, D. and Lazarevic, A. and Latecki, L.J.}, 
booktitle={IEEE Symposium on Computational Intelligence and Data Mining}, 
title={Incremental Local Outlier Detection for Data Streams}, 
year={2007}, 
pages={504-515}, 
keywords={data handling;data streams;incremental local outlier detection;local outlier factor algorithm;Change detection algorithms;Computational Intelligence Society;Computer networks;Data mining;Event detection;Intrusion detection;Telecommunication traffic;Traffic control;Unsupervised learning;Video surveillance}, 
doi={10.1109/CIDM.2007.368917},}

@INPROCEEDINGS{Lazarevic:2003,
    author = {Ar Lazarevic and Levent Ertoz and Vipin Kumar and Aysel Ozgur and Jaideep Srivastava},
    title = {A comparative study of anomaly detection schemes in network intrusion detection},
    booktitle = {In Proceedings of SIAM Conference on Data Mining},
    year = {2003}
}

@article{Chandola:2009,
 author = {Chandola, Varun and Banerjee, Arindam and Kumar, Vipin},
 title = {Anomaly Detection: A Survey},
 journal = {ACM Computing Surveys},
 issue_date = {July 2009},
 volume = {41},
 number = {3},
 month = jul,
 year = {2009},
 issn = {0360-0300},
 pages = {15:1--15:58},
 articleno = {15},
 numpages = {58},
 url = {http://doi.acm.org/10.1145/1541880.1541882},
 doi = {10.1145/1541880.1541882},
 acmid = {1541882},
 publisher = {ACM},
 address = {New York, NY, USA},
 keywords = {Anomaly detection, outlier detection},
}

@INPROCEEDINGS{Liu:2005, 
author={Liu, A. and Martin, C. and Hetherington, T. and Matzner, S.}, 
booktitle={Information Assurance Workshop, 2005. IAW '05. Proceedings from the Sixth Annual IEEE SMC}, 
title={A Comparison of System Call Feature Representations for Insider Threat Detection}, 
year={2005}, 
pages={340-347}, 
keywords={information systems;security of data;anomaly detection system;external threat detection;histograms;information access;information assurance;information dissemination;information systems;insider threat detection;intrusion detection system;outlier detection;sensitive information;system call feature representation;system call names;tamper resistance;trust;user privilege;Business;Computer vision;Data security;Government;Histograms;Information systems;Intrusion detection;Monitoring;Operating systems;Testing}, 
doi={10.1109/IAW.2005.1495972},}

@inproceedings{xue:06,
  title={Operational Data Based Anomaly Detection for Locomotive Diagnostics},
  author={Xue, Feng and Yan, Weizhong and Roddy, Nicholas and Varma, Anil},
  booktitle={International Conference on Machine Learning},
  pages={236--241},
  year={2006}
}

@INPROCEEDINGS{Zhang:08, 
author={Bin Zhang and Sconyers, C. and Byington, C. and Patrick, R. and Orchard, M. and Vachtsevanos, G.}, 
booktitle={Prognostics and Health Management, 2008. PHM 2008. International Conference on}, 
title={Anomaly detection: A robust approach to detection of unanticipated faults}, 
year={2008}, 
pages={1-8}, 
keywords={Bayes methods;aerospace computing;aircraft maintenance;fault diagnosis;feature extraction;image sensors;particle filtering (numerical methods);Bayesian estimation framework;anomaly detection;condition indicators;confidence level;critical components/subsystems;particle filtering;test rig;unanticipated faults detection;Bayesian methods;Condition monitoring;Fault detection;Filtering;Robustness;Sensor phenomena and characterization;Sensor systems;State estimation;Systems engineering and theory;Testing;Anomaly detection;Feature extraction;Rolling element bearing;Signal enhancement}, 
doi={10.1109/PHM.2008.4711445},}

@article{Alzghoul:2011,
title = "Increasing Availability of Industrial Systems Through Data Stream Mining ",
journal = "Computers \& Industrial Engineering ",
volume = "60",
number = "2",
pages = "195 - 205",
year = "2011",
note = "",
issn = "0360-8352",
doi = "10.1016/j.cie.2010.10.008",
url = "http://www.sciencedirect.com/science/article/pii/S0360835210002743",
author = "Ahmad Alzghoul and Magnus Lofstrand",
keywords = "Availability",
keywords = "Data stream mining",
keywords = "Data stream management system",
keywords = "Industrial systems",
keywords = "Grid-based classifier "
}

@incollection{Polat:05,
year={2005},
isbn={978-3-540-28325-6},
booktitle={Advances in Natural Computation},
volume={3611},
series={Lecture Notes in Computer Science},
editor={Wang, Lipo and Chen, Ke and Ong, YewSoon},
doi={10.1007/11539117_117},
title={A New Classification Method for Breast Cancer Diagnosis: Feature Selection Artificial Immune Recognition System (FS-AIRS)},
url={http://dx.doi.org/10.1007/11539117_117},
publisher={Springer Berlin Heidelberg},
author={Polat, Kemal and Sahan, Seral and Kodaz, Halife and Gunes, Salih},
pages={830-838}
}

@inproceedings{greensmith:06,
  title={Dendritic Cells for Anomaly Detection},
  author={Greensmith, Julie and Twycross, Jamie and Aickelin, Uwe},
  booktitle={IEEE Congress on Evolutionary Computation},
  pages={664--671},
  year={2006},
  organization={IEEE}
}

@article {bay2000archive,
  journal = "SIGKDD Explorations",
  author = "Stephen D Bay and Dennis F Kibler and Michael J Pazzani and Padhraic Smyth",
  title = "The UCI KDD Archive of Large Data Sets for Data Mining Research and Experimentation",
  pages = "81",
  volume = "2",
  year = "2000",
}

@article{Barbara:2001,
 author = {Barbar\'{a}, Daniel and Couto, Julia and Jajodia, Sushil and Wu, Ningning},
 title = {ADAM: A Testbed for Exploring the Use of Data Mining in Intrusion Detection},
 journal = {ACM SIGMOD Record},
 issue_date = {December 2001},
 volume = {30},
 number = {4},
 month = dec,
 year = {2001},
 issn = {0163-5808},
 pages = {15--24},
 numpages = {10},
 url = {http://doi.acm.org/10.1145/604264.604268},
 doi = {10.1145/604264.604268},
 acmid = {604268},
 publisher = {ACM},
 address = {New York, NY, USA},
 keywords = {cyber attacks, data mining, intrusion detection software, pattern analysis},
} 

@MISC{Scholkopf:99,
    author = {Scholkopf, B. and Platt, J. C. and Shawe-taylor, J. and Smola, A. J. and Williamson, R. C.},
    title = {Estimating the Support of a High-Dimensional Distribution},
    year = {1999}
}

@article{Chang:2011,
	author = {C.-C. Chang and C.-J. Lin.},
	journal = {ACM Transactions on Intelligent Systems and Technology},
	title = {{LIBSVM}: {A} library for support vector machines},
	volume = {2},
	pages = {27:1--27:27},
	year = {2011}
}

@article{Tax:2004,
	author = {Tax and Duin},
	journal = {Machine Learning},	
	title = {Support Vector Data Description},
	volume = {54},
	pages = {45-66},
	year = {2004}
}

@article{Breunig:2000,
    author = {Breunig, M. and Kriegel, H-P. and Raymond T. Ng, R. T. and Sander, J.},
    title = {{LOF:} Identifying Density-Based Local Outliers},
    journal = {ACM SIGMOD Record},
    year = {2000},
    pages = {93--104},
    publisher = {ACM SIGMOD}
}

@INPROCEEDINGS{Liu:08,
	author = {F T Liu and K M Ting and Z-H Zhou},
	title = {Isolation Forest},
	booktitle = {Proceedings of the IEEE International Conference on Data Mining},
	year = {2008},
	pages = {413--422}
}

@INPROCEEDINGS{Liu:10,
	author = {F T Liu and K M Ting and Z-H Zhou},
	title = {On Detecting Clustered Anomalies using {SCiForest}},
	booktitle = {Machine Learning and Knowledge Discovery in Databases},
	year = {2010},
	pages = {274--290}
}

@book{Zhou:2012,
author = {Zhou, Zhi-Hua},
title = {Ensemble Methods: Foundations and Algorithms},
publisher = {Chapman and Hall/CRC},
year = {2012}
}

@article{Breiman,
year={2001},
journal={Machine Learning},
volume={45},
number={1},
title={Random Forests},
publisher={Kluwer Academic Publishers},
author={Breiman, Leo},
pages={5-32}
}

@inproceedings{klr1,
  title={Probabilistic Kernel Regression Models},
  author={Jaakkola, Tommi and Haussler, David},
  booktitle={Proceedings of the 1999 Conference on AI and Statistics},
  volume={126},
  pages={00--04},
  year={1999},
  organization={San Mateo, CA}
}

@INPROCEEDINGS{klr2,
    author = {Ji Zhu and Trevor Hastie},
    title = {Kernel Logistic Regression and the Import Vector Machine},
    booktitle = {Journal of Computational and Graphical Statistics},
    year = {2001},
    pages = {1081--1088},
    publisher = {MIT Press}
}

@article{klr3,
year={2005},
issn={0885-6125},
journal={Machine Learning},
volume={61},
number={1-3},
doi={10.1007/s10994-005-0768-5},
title={A Fast Dual Algorithm for Kernel Logistic Regression},
url={http://dx.doi.org/10.1007/s10994-005-0768-5},
publisher={Kluwer Academic Publishers},
keywords={classification; logistic regression; kernel methods; SMO algorithm},
author={Keerthi, S.S. and Duan, K.B. and Shevade, S.K. and Poo, A.N.},
pages={151-165},
language={English}
}

@misc{uci,
author = "K. Bache and M. Lichman",
year = "2013",
title = "{UCI} Machine Learning Repository",
url = "http://archive.ics.uci.edu/ml",
institution = "University of California, Irvine, School of Information and Computer Sciences"
}

@article{mchugh2000,
  title={Testing Intrusion Detection Systems: a Critique of the 1998 and 1999 DARPA Intrusion Detection System Evaluations as Performed by Lincoln Laboratory},
  author={McHugh, John},
  journal={ACM transactions on Information and system Security},
  volume={3},
  number={4},
  pages={262--294},
  year={2000}
}

@INPROCEEDINGS{kim:08, 
author={Joo Seuk Kim and Scott, C.}, 
booktitle={IEEE International Conference on Acoustics, Speech and Signal Processing}, 
title={Robust Kernel Density Estimation}, 
year={2008}, 
pages={3381-3384}, 
keywords={Gaussian processes;learning (artificial intelligence);least squares approximations;Gaussian kernel;iteratively reweighted least squares algorithm;mapped training points;network traffic volumes;robust estimate;robust kernel density estimation;robust loss functions;Data analysis;Iterative algorithms;Kernel;Least squares methods;Level set;Maximum likelihood estimation;Parametric statistics;Robustness;Telecommunication traffic;Testing;M-estimator;kernel density estimation;kernel feature space;kernel trick;outlier}, 
doi={10.1109/ICASSP.2008.4518376}, 
ISSN={1520-6149},}

@article{Gonzalez:85,
title = "Clustering to Minimize the Maximum Intercluster Distance ",
journal = "Theoretical Computer Science ",
volume = "38",
number = "0",
pages = "293 - 306",
year = "1985",
note = "",
issn = "0304-3975",
doi = "10.1016/0304-3975(85)90224-5",
url = "http://www.sciencedirect.com/science/article/pii/0304397585902245",
author = "Teofilo F. Gonzalez",
keywords = "Algorithms",
keywords = "clustering",
keywords = "NP-completeness",
keywords = "approximation algorithms",
keywords = "minimizing the maximum intercluster distance "
}

@inproceedings{glasser2013,
author = "Joshua Glasser and Brian Lindauer",
title = {Bridging the Gap: A Pragmatic Approach to Generating Insider
Threat Data},
booktitle = {2013 IEEE Security and Privacy Workshops},
pages = {98--104},
publisher = {IEEE Press},
year = 2013}

@book{hawkins1980,
  title={Identification of Outliers},
  author={Hawkins, D.M.},
  isbn={9780412219009},
  lccn={81192025},
  series={Monographs on applied probability and statistics},
  url={http://books.google.com/books?id=fb0OAAAAQAAJ},
  year={1980},
  publisher={Chapman and Hall}
}

@article{denning1987,
  title={An Intrusion-Detection Model},
  author={Denning, Dorothy E},
  journal={IEEE Transactions on Software Engineering},
  number={2},
  pages={222--232},
  year={1987},
  publisher={IEEE}
}

@article{aggarwal2009,
  title={Models For Prevention and Treatment of Cancer: Problems vs Promises},
  author={Aggarwal, Bharat B and Danda, Divya and Gupta, Shan and Gehlot, Prashasnika and others},
  journal={Biochemical pharmacology},
  volume={78},
  number={9},
  pages={1083},
  year={2009},
  publisher={NIH Public Access}
}

@misc{kdd99,
author = "C. Elkan",
year = "1999",
title = "Results of the KDD'99 Classifier Learning Contest",
url = "http://www.cs.ucsd.edu/users/elkan/clresults.html",
institution = "University of California, San Diego, Department of Computer Science and Engineering"
}

@article{
year={2010},
issn={1384-5810},
journal={Data Mining and Knowledge Discovery},
volume={20},
number={2},
doi={10.1007/s10618-009-0148-z},
title={A fast outlier detection strategy for distributed high-dimensional data sets with mixed attributes},
url={http://dx.doi.org/10.1007/s10618-009-0148-z},
publisher={Springer US},
keywords={Outlier detection; Anomaly detection; Data mining; Distributed data sets; Mixed attribute data sets; High-dimensional data sets},
author={Koufakou, Anna and Georgiopoulos, Michael},
pages={259-289},
language={English}
}

@inproceedings{mahoney2003,
  title={An Analysis of the 1999 DARPA/Lincoln Laboratory Evaluation Data for Network Anomaly Detection},
  author={Mahoney, Matthew V and Chan, Philip K},
  booktitle={Recent Advances in Intrusion Detection},
  pages={220--237},
  year={2003},
  organization={Springer}
}

@article{mulcross,
author = {Rocke, David M. and Woodruff, David L.},
title = {Identification of Outliers in Multivariate Data},
journal = {Journal of the American Statistical Association},
volume = {91},
number = {435},
pages = {1047-1061},
year = {1996}
}

@inproceedings{zhang06,
  title={Anomaly Based Network Intrusion Detection with Unsupervised Outlier Detection},
  author={Zhang, Jiong and Zulkernine, Mohammad},
  booktitle={IEEE International Conference on Communications},
  volume={5},
  pages={2388--2393},
  year={2006},
  organization={IEEE}
}

@techreport{bcfls-mladsgd-2014,
author={Robert A. Bridges and John Collins and Eric Ferragut and Jason
Laska and Blair D. Sullivan},
title = {Multi-Level Anomaly Detection on Streaming Graph Data},
institution = {arXiv},
number = {1410.4355v1},
year = 2014
}

@inproceedings{DBLP:conf/www/LeeKKF13,
  author    = {Jay Yoon Lee and
               U. Kang and
               Danai Koutra and
               Christos Faloutsos},
  title     = {Fast Anomaly Detection Despite the Duplicates},
  booktitle = {22nd International World Wide Web Conference, {WWW} '13, Rio de Janeiro,
               Brazil, May 13-17, 2013, Companion Volume},
  year      = {2013},
  pages     = {195--196},
  url       = {http://dl.acm.org/citation.cfm?id=2487886},
  timestamp = {Sun, 19 Oct 2014 02:21:11 +0200},
  biburl    = {http://dblp.uni-trier.de/rec/bib/conf/www/LeeKKF13},
  bibsource = {dblp computer science bibliography, http://dblp.org}
}

@inproceedings{inne,
  title={Efficient Anomaly Detection by Isolation Using Nearest Neighbour Ensemble},
  author={Bandaragoda, Tharindu R and Ting, Kai Ming and Albrecht, David and Liu, Fei Tony and Wells, Jason R},
  booktitle={Data Mining Workshop (ICDMW), 2014 IEEE International Conference on},
  pages={698--705},
  year={2014},
  organization={IEEE}
}

@inproceedings{Kriegel:2009,
 author = {Kriegel, Hans-Peter and Kr\"{o}ger, Peer and Schubert, Erich and Zimek, Arthur},
 title = {LoOP: Local Outlier Probabilities},
 booktitle = {Proceedings of the 18th ACM Conference on Information and Knowledge Management},
 series = {CIKM '09},
 year = {2009},
 isbn = {978-1-60558-512-3},
 location = {Hong Kong, China},
 pages = {1649--1652},
 numpages = {4},
 url = {http://doi.acm.org/10.1145/1645953.1646195},
 doi = {10.1145/1645953.1646195},
 acmid = {1646195},
 publisher = {ACM},
 address = {New York, NY, USA},
 keywords = {outlier detection},
}

@article{rajasegarar2010centered,
  title={Centered hyperspherical and hyperellipsoidal one-class support vector machines for anomaly detection in sensor networks},
  author={Rajasegarar, Sutharshan and Leckie, Christopher and Bezdek, James C and Palaniswami, Marimuthu},
  journal={Information Forensics and Security, IEEE Transactions on},
  volume={5},
  number={3},
  pages={518--533},
  year={2010},
  publisher={IEEE}
}

@inproceedings{Amer:2013,
 author = {Amer, Mennatallah and Goldstein, Markus and Abdennadher, Slim},
 title = {Enhancing One-class Support Vector Machines for Unsupervised Anomaly Detection},
 booktitle = {Proceedings of the ACM SIGKDD Workshop on Outlier Detection and Description},
 series = {ODD '13},
 year = {2013},
 isbn = {978-1-4503-2335-2},
 location = {Chicago, Illinois},
 pages = {8--15},
 numpages = {8},
 url = {http://doi.acm.org/10.1145/2500853.2500857},
 doi = {10.1145/2500853.2500857},
 acmid = {2500857},
 publisher = {ACM},
 address = {New York, NY, USA},
 keywords = {one-class SVM, outlier detection, outlier score, support vector machines, unsupervised anomaly detection},
}

@article{xiao2014,
  title={Two methods of selecting Gaussian kernel parameters for one-class SVM and their application to fault detection},
  author={Xiao, Yingchao and Wang, Huangang and Zhang, Lin and Xu, Wenli},
  journal={Knowledge-Based Systems},
  volume={59},
  pages={75--84},
  year={2014},
  publisher={Elsevier}
}

@article{kakde2016,
  title={Peak Criterion for Choosing Gaussian Kernel Bandwidth in Support Vector Data Description},
  author={Kakde, Deovrat and Chaudhuri, Arin and Kong, Seunghyun and Jahja, Maria and Jiang, Hansi and Silva, Jorge},
  journal={arXiv preprint arXiv:1602.05257},
  year={2016}
}
